% This file was created with JabRef 2.10.
% Encoding: UTF-8


@Article{Dean2008,
  Title                    = {MapReduce},
  Author                   = {Dean, Jeffrey and Ghemawat, Sanjay},
  Journal                  = {Communications of the ACM},
  Year                     = {2008},

  Month                    = {Jan},
  Number                   = {1},
  Pages                    = {107},
  Volume                   = {51},

  __markedentry            = {[rellerkmann:6]},
  Doi                      = {10.1145/1327452.1327492},
  ISSN                     = {0001-0782},
  Owner                    = {rellerkmann},
  Publisher                = {Association for Computing Machinery (ACM)},
  Timestamp                = {2015.07.01},
  Url                      = {http://dx.doi.org/10.1145/1327452.1327492}
}

@TechReport{EMC2014,
  Title                    = {The Digital Universe of Opportunities},
  Author                   = {EMC²},
  Institution              = {EMC²},
  Year                     = {2014},

  Owner                    = {rellerkmann},
  Timestamp                = {2015.07.01},
  Url                      = {http://germany.emc.com/collateral/analyst-reports/idc-digital-universe-2014.pdf}
}

@Electronic{FlinkWebsite,
  Title                    = {Flink Website},
  Author                   = {Apache Software Foundation},
  Organization             = {Apache Software Foundation},
  Url                      = {https://flink.apache.org/},

  Owner                    = {rellerkmann},
  Timestamp                = {2015.04.21}
}

@Electronic{HadoopWebsite,
  Title                    = {Hadoop Website},
  Author                   = {Apache Software Foundation},
  Language                 = {English},
  Organization             = {Apache Software Foundation},
  Url                      = {https://hadoop.apache.org/},

  Owner                    = {rellerkmann},
  Timestamp                = {2015.07.01}
}

@Electronic{GeoMultiSensWebsite,
  Title                    = {GeoMultiSens},
  Author                   = {GfZ-Potsdam},
  Url                      = {http://www.geomultisens.gfz-potsdam.de/},

  Owner                    = {rellerkmann},
  Timestamp                = {2015.04.20}
}

@Article{Jacobs2009,
  Title                    = {The pathologies of big data},
  Author                   = {Jacobs, Adam},
  Journal                  = {Communications of the ACM},
  Year                     = {2009},

  Month                    = aug,
  Number                   = {8},
  Pages                    = {36},
  Volume                   = {52},

  Doi                      = {10.1145/1536616.1536632},
  ISSN                     = {0001-0782},
  Owner                    = {rellerkmann},
  Publisher                = {Association for Computing Machinery (ACM)},
  Timestamp                = {2015.04.29},
  Url                      = {http://dx.doi.org/10.1145/1536616.1536632}
}

@Book{Martelli2006,
  Title                    = {Python in a Nutshell. A Desktop Quick Reference},
  Author                   = {Alex Martelli},
  Publisher                = {O'Reilly},
  Year                     = {2006},
  Edition                  = {Second Edition},

  Owner                    = {rellerkmann},
  Timestamp                = {2015.06.23}
}

@Electronic{PythonAbout,
  Language                 = {English},
  Organization             = {Python Software Foundation},
  Url                      = {https://docs.python.org/2/faq/general.html#what-is-python},

  Owner                    = {rellerkmann},
  Timestamp                = {2015.06.23}
}

